@book{chiavenato:2014,
  author    = {Idalberto Chiavenato},
  title     = {Administração},
  subtitle  = {teoria, processo e prática},
  edition   = {5},
  address   = {Barueri},
  publisher = {Manole},
  year      = {2014},
  note      = {\textit{E-book}.},
  keywords  = {exemplo},
}

@book{fazio:2011,
  author    = {Fazio, Michael W. and
               Moffett, Marian and
               Wodehouse, Lawrence},
  title     = {A história da arquitetura mundial},
  edition   = {3},
  address   = {Porto Alegre},
  publisher = {AMGH},
  year      = {2011},
  keywords  = {exemplo},
}

@book{galt:2017,
  author    = {Christopher Galt},
  title     = {O terceiro testamento},
  address   = {São Paulo},
  publisher = {Jangada},
  year      = {2017},
  url       = {http://le-livros.com/wp-content/uploads/2018/10/O-Terceiro-Testamento-Christopher-
-Galt.pdf},
 urldate    = {2018-11-29},
  keywords  = {exemplo},
}

@thesis{oliveira:2016:app_fruta,
  title       = {Desenvolvimento de um aplicativo em plataforma {Android} para auxílio no ensino de {Fruticultura}},
  author      = {Oliveira, Bruno Alberto Soares and
Silva, Gabriel da},
  type        = {Relatório Final de Projeto de Iniciação Científica (Graduação em Engenharia de Computação)},
  institution = {Instituto Federal de Educação, Ciência e Tecnologia de Minas Gerais (IFMG)},
  location    = {Bambuí},
  eventyear   = {2016},
  year        = {2016},
  keywords    = {exemplo},
}

@thesis{vieira:2020:cpresql,
  title       = {Novo modelo de hierarquia de preferências em consultas com preferências condicionais},
  author      = {Vieira, Lucas Mariano},
  type        = {Trabalho de Conclusão de Curso (Graduação em Engenharia de Computação)},
  institution = {Instituto Federal de Educação, Ciência e Tecnologia de Minas Gerais (IFMG)},
  location    = {Bambuí},
  eventyear   = {2020},
  year        = {2020},
  keywords    = {exemplo},
}

@thesis{nascimento:2001,
  author      = {Suzy Regina Nascimento},
  title       = {Oscilações no desempenho de motoristas profissionais, motoristas pluriacidentados e não-motoristas em tarefas de atenção mantida},
  type        = {Dissertação (Mestrado em Psicologia)},
  institution = {Instituto de Psicologia, Universidade de
São Paulo (USP)},
  location    = {São Paulo},
  eventyear   = {2001},
  year        = {2001},
  keywords    = {exemplo},
}

@thesis{ribeiro:2018,
  author      = {Marcos Roberto Ribeiro},
  title       = {{StreamPref}},
  subtitle    = {Uma linguagem de consulta para dados em fluxo com suporte a preferências},
  type        = {Tese (Doutorado em Ciência da Computação)},
  institution = {Faculdade de Computação, Universidade Federal de Uberlândia (UFU)},
  location    = {Uberlândia},
  eventyear   = {2018},
  year        = {2018},
  keywords    = {exemplo},
}

@thesis{freitas:2006,
  author      = {Freitas, Daniel Medeiros de},
  title       = {Aproximações entre arquitetura e urbanismo nas intervenções realizadas no hipercentro de Belo Horizonte},
  type        = {Dissertação (Mes-
trado em Arquitetura)},
  institution = {Escola de Arquitetura, Universidade Federal de Minas Gerais (UFMG)},
  location    = {Belo Horizonte},
  eventyear   = {2006},
  year        = {2006},
  url         = {http://hdl.handle.net/1843/RAAO-6VZG2H},
  urldate     = {2018-07-07},
  keywords    = {exemplo},
}

@incollection{martins:2015,
  author     = {José Rodolfo S. Martins},
  title      = {Obras de macrodrenagem},
  pages      = {167--240},
  booktitle  = {Drenagem urbana},
  editor     = {TUCCI, Carlos E. M. Tucci and
                Rubem La Laina P. Porto and
                Mário T. Barros},
  editortype = {org.},
  publisher  = {ABRH},
  location   = {Porto Alegre},
  year       = {2015},
  keywords   = {exemplo},
}

@incollection{carvalho:2009,
  author       = {Carvalho, R. F. de and
                  Marar, J. F},
  title        = {Arquitetura de informação},
  pages        = {169--178},
  booktitle    = {Design e planejamento:},
  booksubtitle = {aspectos tecnológicos},
  editor = {Menezes, Marizilda dos S. and
            Paschoarelli, Luiz C.},
  editortype   = {org.},
  publisher    = {UNESP},
  location     = {São Paulo},
  year         = {2009},
  url          = {http://books.scielo.org/id/mw22b},
  urldate      = {2018-07-06},
  keywords     = {exemplo},
}

@article{techne:1993,
  title     = {TÉCHNE},
  subtitle  = {revista de tecnologia da construção},
  year      = {1993-},
  location  = {São Paulo},
  publisher = {Pini},
  issn      = {0104-1053},
  keywords  = {exemplo},
}

@article{lelis:2004,
  author    = {Lelis, V. G. and
               Costa, E. D. and
               Ramos, L. P. and
               Alvarenga, L. M. and
               Minim, V. P. R. M.},
  title      = {Aceitabilidade sensorial de doce de leite de diferentes sabores},
  journal    = {Revista do Instituto de Laticínios Cândido Tostes},
  volume     = {59},
  number     = {339},
  pages      = {324-327},
  month      = {jan},
  year       = {2004},
  location   = {Juiz de Fora},
  keywords   = {exemplo},
}

@article{tragante:2018,
  author    = {Tragante, Cinthia Aparecida},
  title      = {A habitação na literatura: as casas nos romances de Machado de Assis e de Lima Barreto},
  journaltitle    = {Risco},
  journalsubtitle = {Revista de Pesquisa em Arquitetura e Urbanismo},
  volume     = {16},
  number     = {1},
  pages      = {10--21},
  year       = {2018},
  location   = {São Paulo},
  url        = {https://www.revistas.usp.br/risco/article/view/125235},
  urldate    = {2018-07-06},
  keywords   = {exemplo},
}

@article{naves:1999,
  author       = {P. Naves},
  title        = {Lagos andinos dão banho de beleza},
  journaltitle = {Folha de S. Paulo},
  location     = {São Paulo},
  date         = {1999-06-28},
  note         = {Folha Turismo, Caderno 8, p. 13},
  keywords     = {exemplo},
}

@article{fernandes:2018,
  author       = {Fernandes, A. and
                  Cunha, J. P.},
  title        = {Embraer não resistiria sozinha, diz especialista},
  journaltitle = {Folha de S. Paulo},
  date         = {2018-07-06},
  note         = {Mercado},
  location     = {São Paulo},
  url          = {https://www1.folha.uol.com.br/mercado/2018/07/embraer-nao-resistiria-sozinha-diz-es-pecialista.shtml},
  urldate      = {2018-07-06},
  keywords     = {exemplo},
}

@proceedings{labid,
  eventtitle = {Congresso Latino-Americano de Biblioteconomia e Documentação},
  number     = {1},
  venue      = {Salvador},
  eventyear  = {1980},
  title      = {Anais [...]},
  publisher  = {FEBAB},
  address    = {Salvador},
  year       = {1980},
  pagetotal  = {350},
  keywords   = {exemplo},
}

@inproceedings{brayner:1994,
  author     = {Brayner, A. R. A. and
                Medeiros, C. B.},
  title      = {Incorporação do tempo em SGBD orientado a objetos},
  eventtitle = {Simpósio Brasileiro de Banco de Dados (SBBD)},
  number     = {IX},
  venue      = {São Paulo},
  eventyear  = {1994},
  booktitle  = {Anais [...]},
  publisher  = {USP},
  address    = {São Paulo},
  year       = {1994},
  pages      = {16--29},
  keywords   = {exemplo},
}

@proceedings{icufpe,
  eventtitle = {Congresso de Iniciação Científica da UFPE},
  number     = {4},
  venue      = {Recife},
  eventyear  = {1996},
  title      = {Anais eletrônicos [...]},
  publisher  = {UFPE},
  address    = {Recife},
  year       = {1996},
  url        = {http://www.propesq.ufpe.br/anais/anais.htm},
  urldate    = {1997-01-21},
  keywords   = {exemplo},
}

@inproceedings{ribeiro:2017:tpref,
  author     = {Ribeiro, Marcos Roberto and
                Barioni, Maria Camila N. and
                de Amo, Sandra and
                Roncancio, Claudia and
                Labbé, Cyril},
  title      = {Reasoning with temporal preferences over data streams},
  eventtitle = {International Florida Artificial Intelligence Research Society Conference (FLAIRS)},
  number     = {XXX},
  venue      = {Marco Island},
  eventyear  = {2017},
  booktitle  = {Proceedings [...]},
  publisher  = {AAAI Publications},
  address    = {Palo Alto},
  year       = {2017},
  pages      = {700--705},
  url        = {https://www.aaai.org/ocs/index.php/FLAIRS/FLAIRS17/paper/view/15398},
  urldate    = {2023-04-12},
  keywords   = {exemplo},
}

@patent{bertazzoli:2006,
  author     = {Bertazzoli, Rodnei and
                     Silva, João and
                     Mendes, José and
                     Carvalho, Maria},
  title      = {Eletrodos de difusão gasosa modifi cados com catalisadores redox, processo e reator eletroquímico de síntese de peróxido de hidrogênio utilizando os mesmos},
  titleaddon = {Depositante: Universidade Estadual de Campinas. Procurador: Maria Cristina Valim Lourenço Gomes},
  number     = {BR n. PI0600460-1A},
  note       = {Depósito: 27 jan. 2006. Concessão: 25 mar. 2008},
  keywords   = {exemplo},
}

@legislation{brasil2002,
  author     = {{Brasil}},
  nameaddon  = {[Constituição (1988)]},
  title      = {Constituição da República Federativa do Brasil},
  titleaddon = {Organizado por Cláudio Brandão de Oliveira},
  location   = {Rio de Janeiro},
  publisher  = {Roma Victor},
  year       = {2002},
  keywords   = {exemplo},
}

@legislation{curitiba2007,
  author     = {{Curitiba}},
  title      = {Lei n. 12.092, de 21 de dezembro de 2006},
  titleaddon = {Estima a receita e fixa a despesa do município de curitiba para o exercício financeiro de 2007},
  location   = {Curitiba},
  publisher  = {Câmara Municipal},
  year       = {[2007]},
  url        = {http://dominio.cmc.pr.gov.br/contlei.nsf/l12092-2006},
  urldate    = {2007-03-22},
  keywords   = {exemplo},
}

@misc{brasil1979,
  author    = {{Brasil}},
  nameaddon = {Ministério da Marinha},
  title     = {Brasil - costa leste},
  subtitle  = {do Rio Itatiti a Ilhéus},
  edition   = {3},
  location  = {Rio de Janeiro},
  year      = {1979},
  note      = {Carta náutica, N. 1.100. Escala natural 1: 308.541 na lat. 13° 23,50'.},
  keywords  = {exemplo},
}

@online{nourau,
  title      = {NOU-Rau},
  titleaddon = {software livre},
  version    = {Beta 2},
  location   = {Campinas},
  publisher  = {UNICAMP},
  year       = {2002},
  url        = {www.rau-tu.unicamp.br/nou-rau},
  urldate    = {2002-04-23},
  keywords  = {exemplo},
}
