@misc{araujo:2016:abntex2,
  author  = {Lauro César Araujo},
  title   = {A Classe abntex2: Documentos Técnicos e Científicos Brasileiros Compatíveis com As Normas ABNT},
  url     = {http://mirror.jmu.edu/pub/CTAN/macros/latex/contrib/abntex2/doc/abntex2.pdf},
  urldate = {2020-03-29},
  year    = {2016}
}

@misc{janos:2005:algpseudocode,
  author  = {Szász János},
  title   = {The algorithmicx package},
  url     = {http://www.tug.org/texlive/Contents/live/texmf-dist/doc/latex/algorithmicx/algorithmicx.pdf},
  urldate = {2020-03-29},
  year    = {2005}
}

@misc{zandt:2010:fancyvrb,
  author  = {Timothy Van Zandt and
             Denis Girou and
             Sebastian Rahtz and
             Herbert Vo{\ss}},
  title   = {The `fancyvrb' package Fancy Verbatims in {\LaTeX}},
  url     = {http://ftp.tex.ac.uk/tex-archive/macros/latex/contrib/listings/listings.pdf},
  urldate = {2020-03-29},
  year    = {2010}
}

@manual{ifmg:2020:manual,
  author      = {{Instituto Federal de Educação, Ciência e Tecnologia de Minas Gerais (IFMG)}},
  shortauthor = {IFMG},
  title       = {Manual de normalização de trabalhos acadêmicos},
  address     = {Belo Horizonte},
  year        = {2020}
}

@misc{wikipedia:2011:america_sul,
  author  = {Wikipédia},
  title   = {América do Sul},
  url     = {http://pt.wikipedia.org/wiki/Am},
  urldate = {2020-03-29},
  year    = {2011}
}

@misc{poore:2016:minted,
  author  = {Geoffrey M. Poore and
             Konrad Rudolph},
  title   = {The minted package: Highlighted source code in {\LaTeX}},
  url     = {http://ctan.math.utah.edu/ctan/tex-archive/macros/latex/contrib/minted/minted.pdf},
  urldate = {2020-03-29},
  year    = {2016}
}
